

@misc{trec-2016-rts,
  key="trec-2016-rts",
  title={{TREC Real-Time Summarization Track Homepage}},
  note="http://trecrts.github.io/",
  year={2016}
}



@inproceedings{indri,
 author = {Strohman, T. and Metzler, D. and Turtle, H. and Croft, W. B.},
 title = {{Indri: A language model-based search engine for complex queries}},
 booktitle = {Proc. ICIA},
 year = {2004},
 publisher = {Available at: \url{http://www.lemurproject.org/indri/}},
}



@misc{indri-tool,
  key="indri",
  title={{INDRI - Language modeling meets inference networks}},
  note="http://www.lemurproject.org/indri/",
  year={2013}
}

@inproceedings{SedonaConference2007,
 author = {The Sedona Conference},
 title = {The Sedona Principles, second edition: best practice recommendations
and principles for addressing electronic document production},
 booktitle = {},
 year = {2007},
 isbn = {},
 pages = {},
 location = {},
 doi = {},
 publisher = {Available at : http://www.thesedonaconference.org},
 address = {},
 }

@inproceedings{TREC-microblog-2015,
 author = {Lin, Jimmy and Efron, Miles and Wang, Yulu and Sherman, Garrick and Voorhees, Ellen},
 title = {{Overview of the TREC-2015 Microblog Track}},
 booktitle = {},
 year = {2015},
 isbn = {},
 pages = {},
 location = {},
 doi = {},
 publisher = {Available at: \url{https://cs.uwaterloo.ca/~jimmylin/publications/Lin_etal_TREC2015.pdf}},
 address = {},
 }


@inproceedings{TRECOverviewLegal2006,
 author = {Baron, J.R. and Lewis, D.D. and Oard, D.W.},
 title = {TREC-2006 Legal Track Overview},
 booktitle = {},
 year = {2006},
 isbn = {},
 pages = {},
 location = {},
 doi = {},
 publisher = {Available at : http://trec.nist.gov/pubs/trec15/t15\_proceedings.tracks.html},
 address = {},
 }

@inproceedings{TRECOverviewLegal2007,
 author = {Tomlinson, S. and Oard, D.W. and Baron, J.R. and Thompson, P. },
 title = {Overview of the TREC 2007 Legal Track},
 booktitle = {},
 year = {2007},
 isbn = {},
 pages = {},
 location = {},
 doi = {},
 publisher = {Available at : http://trec.nist.gov/pubs/trec16/t16\_proceedings.html},
 address = {},
 }

@article{EvaluationOfIRForEDiscovery,
  author    = {Douglas W. Oard and
               Jason R. Baron and
               Bruce Hedin and
               David D. Lewis and
               Stephen Tomlinson},
  title     = {Evaluation of information retrieval for E-discovery},
  journal   = {Artif. Intell. Law},
  volume    = {18},
  number    = {4},
  year      = {2010},
  pages     = {347-386},
  ee        = {http://dx.doi.org/10.1007/s10506-010-9093-9},
  bibsource = {DBLP, http://dblp.uni-trier.de}
}

@inproceedings{TRECOverviewLegal2008,
 author = {Oard, D.W. and Hedin, B. and Tomlinson, S. and Baron, J.R.  },
 title = { Overview of the TREC 2008 Legal Track},
 booktitle = {},
 year = {2008},
 isbn = {},
 pages = {},
 location = {},
 doi = {},
 publisher = {Available at : http://trec.nist.gov/pubs/trec17/t17\_proceedings.html},
 address = {},
 }

@inproceedings{VoorheesGarofolo2005,
 author = {Voorhees E.M. and Garofolo J.S.},
 title = {Retrieving noisy text. In: Voorhees EM, Harman DK (eds) TREC:
experiment and evaluation in information retrieval},
 booktitle = {},
 year = {2005},
 isbn = {},
 pages = {183-197},
 location = {},
 doi = {},
 publisher = {MIT Press, Cambridge},
 address = {},
 }

@inproceedings{TRECOverviewLegal2009,
 author = {Hedin, B. and Tomlinson, S. and Baron, J.R. and Oard, D.W.},
 title = { Overview of the TREC 2009 Legal Track},
 booktitle = {},
 year = {2009},
 isbn = {},
 pages = {},
 location = {},
 doi = {},
 publisher = {http://trec.nist.gov/pubs/trec18/t18\_proceedings.html},
 address = {},
 }

@inproceedings{TRECLegalInteractiveGuidelines2010,
 author = { },
 title = {TREC-2010 Legal Track Interactive Task Guidelines},
 booktitle = {},
 year = {2010},
 isbn = {},
 pages = {},
 location = {},
 doi = {},
 publisher = {http://trec-legal.umiacs.umd.edu/},
 address = {},
 }

@inproceedings{TRECLegalLearningGuidelines2010,
 author = { Cormack G.V. and Grossman M.R.},
 title = {TREC 2010 Legal Track -- Learning Task},
 booktitle = {},
 year = {2010},
 isbn = {},
 pages = {},
 location = {},
 doi = {},
 publisher = {http://plg.uwaterloo.ca/~gvcormac/legal10/},
 address = {},
 }

@inproceedings{Terrier,
 author = { Ounis, G. Amati, V. Plachouras, B. He, C. Macdonald, and C. Lioma},
 title = {Terrier: A High Performance and Scalable Information Retrieval Platform},
 booktitle = {},
 year = {2006},
 isbn = {},
 pages = {},
 location = {},
 doi = {},
 publisher = {Proc. ACM SIGIR\'06 Workshop on Open Source Information Retrieval (OSIR 2006)},
 address = {},
 }

@inproceedings{LanguageModel,
 author = { Zhai, C. and Lafferty, J.},
 title = {A study of smoothing methods for language models applied to information retrieval},
 booktitle = {},
 year = {2004},
 isbn = {},
 pages = {},
 location = {},
 doi = {},
 publisher = {ACM Transactions On Information Systems},
 address = {},
 }

@inproceedings{EDLSI,
 author = { April Kontostathis},
 title = {{Essential Dimensions of Latent Semantic Indexing (EDLSI)}},
 booktitle = {Proc. Annual Hawaii International Conference on System Sciences},
 location = {Kona, Hawaii, USA},
 year = {2007},
 isbn = {},
 pages = {},
 location = {},
 doi = {},
 publisher = {Computer Society Press},
 }

@inproceedings{PowerNormalization,
 author = {Scott Kulp and April Kontostathis},
 title = {{On Retrieving Legal Files: Distributed EDLSI on the ad hoc task. Post analysis will Shortening Documents and Weeding Out Garbage}},
 booktitle = {Proc. Sixteenth Text REtrieval Conference (TREC2007)},
 year = {2008},
 isbn = {},
 pages = {},
 location = {},
 doi = {},
 publisher = {NIST Special Publication},
 address = {},
 }

@inproceedings{ParsimoniousLM,
 author = {D. Hiemstra, S. Robertson, and H. Zaragoza},
 title = {Parsimonious language models for information retrieval},
 booktitle = {},
 year = {2004},
 isbn = {},
 pages = {178-185},
 location = {},
 doi = {},
 publisher = {ACM Press, New York NY},
 address = {In Proceedings of the 27th Annual International ACM SIGIR Conference on Research and Development in Information Retrieval
},
 }

@inproceedings{Baron2007,
 author = {Baron J.R. and Thompson P.},
 title = {The search problem posed by large heterogeneous data sets in litigation : possible future approaches to research},
 booktitle = {Proc. International Conference on Artificial Intelligence and Law},
 year = {2007},
 isbn = {},
 pages = {141-147},
 location = {},
 doi = {},
 }

@inproceedings{Lewis2006,
 author = {Lewis D, Agam G, Argamon S, Frieder O, Grossman D, Heard J},
 title = {Building a test collection for complex document information processing},
 booktitle = {Proc. International ACM SIGIR conference on research and development in information retrieval},
 year = {2006},
 isbn = {},
 pages = {665-666},
 location = {},
 doi = {},
 publisher = {},
 address = {},
 }

@inproceedings{Schimdt2002,
 author = {Schmidt H, Butter K, Rider},
 title = {Building digital tobacco document libraries at the University of
California, San Francisco Library/Center for Knowledge Management},
 booktitle = {},
 year = {2002},
 isbn = {},
 pages = {},
 location = {},
 doi = {},
 publisher = {D-Lib Mag 8(2)},
 address = {},
 }

@inproceedings{WashVsWash2007,
 author = {},
 title = {{Disability Rights Council of Greater Wash. v. Wash. Metro. Area Transit Auth. (D.D.C.).}},
 booktitle = {},
 year = {2007},
 isbn = {},
 pages = {},
 location = {},
 doi = {},
 publisher = {WL 1585452},
 address = {},
 }

@article{PaulBaron2007,
 author = {George L. Paul and Jason R. Baron},
 title = {Information inflation: Can the legal system adapt?},
 year = {2007},
 isbn = {},
 volume = {13(3)},
 location = {},
 doi = {},
 journal = {Richmond Journal of Law and Technology},
 address = {},
 }

@inproceedings{WilliamsVsTaser2007,
 author = {},
 title = {Williams v. Taser Intern, Inc. (N.D. Ga.).},
 booktitle = {},
 year = {2007},
 isbn = {},
 pages = {},
 location = {},
 doi = {},
 publisher = {WL 1630875},
 address = {},
 }

@inproceedings{DataFusionCLEF2004,
 author = {Jacques Savoy},
 title = {Data Fusion for Effective European Monolingual Information Retrieval},
 booktitle = {},
 year = {2004},
 isbn = {},
 pages = {233-244},
 location = {},
 doi = {},
 publisher = {In Proceedings of CLEF'2004},
 address = {},
 }

@article{DataFusionVogtCottrell1999,
 author = {Vogt, C.C. and Cottrell, G.W.},
 title = {Fusion via a linear combination of scores},
 year = {1999},
 volume = {1(3)},
 pages = {151-173},
 doi = {},
 journal = {Information Retrieval Journal},
 address = {},
 }

%   url={http://books.google.com/books?id=ebfRAAAAMAAJ},
@book{siegel1956nonparametric,
  title={{Nonparametric Statistics for the Behavioral Sciences}},
  author={Siegel, S.},
  lccn={56008185},
  series={McGraw-Hill series in psychology},
  year={1956},
  publisher={McGraw-Hill}
}

@inproceedings{ AUserStudyOfRelevanceJudgmentsForEDiscovery,
 author = {Wang, Jianqiang and Soergel, Dagobert},
 title = {A user study of relevance judgments for e-discovery},
 booktitle = {Proceedings of the 73rd ASIS\&T Annual Meeting on Navigating Streams in an Information Ecosystem - Volume 47},
 series = {ASIS\&T '10},
 year = {2010},
 location = {Pittsburgh, Pennsylvania},
 pages = {74:1--74:10},
 articleno = {74},
 numpages = {10},
 url = {http://dl.acm.org/citation.cfm?id=1920331.1920438},
 acmid = {1920438},
 publisher = {American Society for Information Science},
 address = {Silver Springs, MD, USA},
 keywords = {e-discovery, relevance judgment},
} 


@inproceedings{FoxShawTREC1993,
 author = { Edward A. Fox and Joseph A. Shaw},
 title = {Combination of Multiple Searches},
 booktitle = {Proceedings of TREC 1993},
 year = {1993},
 isbn = {},
 pages = {},
 location = {},
 doi = {},
 publisher = {},
 address = {http://trec.nist.gov/pubs/trec2/papers/txt/23.txt},
 }

@inproceedings{CondorcetFusionCIKM2002,
 author = {Montague, Mark and Aslam, Javed A.},
 title = {Condorcet fusion for improved retrieval},
 booktitle = {Proceedings of the eleventh international conference on Information and knowledge management},
 series = {CIKM '02},
 year = {2002},
 isbn = {1-58113-492-4},
 location = {McLean, Virginia, USA},
 pages = {538--548},
 numpages = {11},
 url = {http://doi.acm.org/10.1145/584792.584881},
 doi = {10.1145/584792.584881},
 acmid = {584881},
 publisher = {ACM},
 address = {New York, NY, USA},
} 

@inproceedings{ReciprocalRankSIGIR2009,
 author = {Cormack, Gordon V. and Clarke, Charles L A and Buettcher, Stefan},
 title = {Reciprocal rank fusion outperforms condorcet and individual rank learning methods},
 booktitle = {Proceedings of the 32nd international ACM SIGIR conference on Research and development in information retrieval},
 series = {SIGIR '09},
 year = {2009},
 isbn = {978-1-60558-483-6},
 location = {Boston, MA, USA},
 pages = {758--759},
 numpages = {2},
 url = {http://doi.acm.org/10.1145/1571941.1572114},
 doi = {10.1145/1571941.1572114},
 acmid = {1572114},
 publisher = {ACM},
 address = {New York, NY, USA},
 keywords = {aggregation, fusion, ranking},
} 

@inproceedings{MultipleEvidenceCombinationSIGIR1997,
 author = {Lee, Joon Ho},
 title = {Analyses of multiple evidence combination},
 booktitle = {Proceedings of the 20th annual international ACM SIGIR conference on Research and development in information retrieval},
 series = {SIGIR '97},
 year = {1997},
 isbn = {0-89791-836-3},
 location = {Philadelphia, Pennsylvania, United States},
 pages = {267--276},
 numpages = {10},
 url = {http://doi.acm.org/10.1145/258525.258587},
 doi = {10.1145/258525.258587},
 acmid = {258587},
 publisher = {ACM},
 address = {New York, NY, USA},
} 

@article{FusionViaLinearCombinationIR1998,
 author = {Vogt, Christopher C. and Cottrell, Garrison W.},
 title = {Fusion Via a Linear Combination of Scores},
 journal = {Information Retrieval},
 issue_date = {October 1999},
 volume = {1},
 number = {3},
 month = oct,
 year = {1999},
 issn = {1386-4564},
 pages = {151--173},
 numpages = {23},
 url = {http://dx.doi.org/10.1023/A:1009980820262},
 doi = {10.1023/A:1009980820262},
 acmid = {593969},
 publisher = {Kluwer Academic Publishers},
 address = {Hingham, MA, USA},
 keywords = {fusion, linear combination, neural networks, performance evaluation, routing},
} 


@inproceedings{OTCTREC2007,
 author = {Stephen Tomlinson},
 title = {Experiments with the Negotiated Boolean Queries of the TREC 2007 Legal Discovery Track},
 booktitle = {},
 year = {2007},
 isbn = {},
 pages = {},
 location = {},
 doi = {},
 publisher = {Available at : http://trec.nist.gov/pubs/trec16/t16\_proceedings.html},
 address = {},
 }

@inproceedings{WaterlooTREC2007,
 author = { Stefan Buttcher, Charles L. A. Clarke, Gordon V. Cormack, Thomas R. Lynam},
 title = {MultiText Legal Experiments at TREC 2007},
 booktitle = {},
 year = {2007},
 isbn = {},
 pages = {},
 location = {},
 doi = {},
 publisher = {Available at : http://trec.nist.gov/pubs/trec16/t16\_proceedings.html
},
 address = {},
 }

@inproceedings{ProbFuseSIGIR06,
 author = {Lillis, David and Toolan, Fergus and Collier, Rem and Dunnion, John},
 title = {ProbFuse: a probabilistic approach to data fusion},
 booktitle = {Proceedings of the 29th annual international ACM SIGIR conference on Research and development in information retrieval},
 series = {SIGIR '06},
 year = {2006},
 isbn = {1-59593-369-7},
 location = {Seattle, Washington, USA},
 pages = {139--146},
 numpages = {8},
 url = {http://doi.acm.org/10.1145/1148170.1148197},
 doi = {10.1145/1148170.1148197},
 acmid = {1148197},
 publisher = {ACM},
 address = {New York, NY, USA},
 keywords = {ProbFuse, data fusion, information retrieval},
} 

@inproceedings{EfficientConstructionOfLargeTestCollSIGIR98,
 author = {Cormack, Gordon V. and Palmer, Christopher R. and Clarke, Charles L. A.},
 title = {Efficient construction of large test collections},
 booktitle = {Proceedings of the 21st annual international ACM SIGIR conference on Research and development in information retrieval},
 series = {SIGIR '98},
 year = {1998},
 isbn = {1-58113-015-5},
 location = {Melbourne, Australia},
 pages = {282--289},
 numpages = {8},
 url = {http://doi.acm.org/10.1145/290941.291009},
 doi = {10.1145/290941.291009},
 acmid = {291009},
 publisher = {ACM},
 address = {New York, NY, USA},
} 


@inproceedings{LearningToSelectRankersSIGIR2010,
 author = {Balasubramanian, Niranjan and Allan, James},
 title = {Learning to select rankers},
 booktitle = {Proceedings of the 33rd international ACM SIGIR conference on Research and development in information retrieval},
 series = {SIGIR '10},
 year = {2010},
 isbn = {978-1-4503-0153-4},
 location = {Geneva, Switzerland},
 pages = {855--856},
 numpages = {2},
 url = {http://doi.acm.org/10.1145/1835449.1835650},
 doi = {10.1145/1835449.1835650},
 acmid = {1835650},
 publisher = {ACM},
 address = {New York, NY, USA},
 keywords = {combining searches, learning to rank, metasearch},
} 

@inproceedings{Bartell1994,
 author = {Bartell, Brian T. and Cottrell, Garrison W. and Belew, Richard K.},
 title = {Automatic combination of multiple ranked retrieval systems},
 booktitle = {Proceedings of the 17th annual international ACM SIGIR conference on Research and development in information retrieval},
 series = {SIGIR '94},
 year = {1994},
 isbn = {0-387-19889-X},
 location = {Dublin, Ireland},
 pages = {173--181},
 numpages = {9},
 url = {http://dl.acm.org/citation.cfm?id=188490.188554},
 acmid = {188554},
 publisher = {Springer-Verlag New York, Inc.},
 address = {New York, NY, USA},
} 

@article{Guttman1978,
 author = {L. Guttman},
 title = {What is not what in statistics},
 journal = {The Statistician},
 issue_date = {},
 volume = {26},
 number = {2},
 month = June,
 year = {1978},
 issn = {1},
 pages = {81-107},
 numpages = {},
 url = {},
 doi = {},
 acmid = {},
 publisher = {},
 address = {},
 keywords = {},
} 

@inproceedings{VogtSIGIR1998,
 author = {Vogt, Christopher C. and Cottrell, Garrison W.},
 title = {Predicting the performance of linearly combined IR systems},
 booktitle = {Proceedings of the 21st annual international ACM SIGIR conference on Research and development in information retrieval},
 series = {SIGIR '98},
 year = {1998},
 isbn = {1-58113-015-5},
 location = {Melbourne, Australia},
 pages = {190--196},
 numpages = {7},
 url = {http://doi.acm.org/10.1145/290941.290991},
 doi = {10.1145/290941.290991},
 acmid = {290991},
 publisher = {ACM},
 address = {New York, NY, USA},
} 

@article{WuIPM2009,
 author = {Wu, Shengli and Bi, Yaxin and Zeng, Xiaoqin and Han, Lixin},
 title = {Assigning appropriate weights for the linear combination data fusion method in information retrieval},
 journal = {Inf. Process. Manage.},
 issue_date = {July, 2009},
 volume = {45},
 number = {4},
 month = jul,
 year = {2009},
 issn = {0306-4573},
 pages = {413--426},
 numpages = {14},
 url = {http://dx.doi.org/10.1016/j.ipm.2009.02.003},
 doi = {10.1016/j.ipm.2009.02.003},
 acmid = {1542683},
 publisher = {Pergamon Press, Inc.},
 address = {Tarrytown, NY, USA},
 keywords = {Data fusion, Information retrieval, The linear combination method, Weight assignment},
} 

@inproceedings{RecipesInC,
 author = {William H. Press and Brian P. Flannery and Saul A. Teukolsky and William T. Vetterling},
 title = {Numerical Recipes in C: The Art of Scientific Computing},
 booktitle = {Cambridge
University Press},
 year = {1995},
} 

@TechReport{AuerMultiArmedBandit,
  author={P. Auer and N. Cesa-Bianchi and Y. Freund and R. Schapire},
  title={Gambling in a rigged casino: The adversarial multi-armed bandit problem},
  year={1995},
  month= {},
  institution={David K. Levine},
  type={Levine's Working Paper Archive},
  url={http://ideas.repec.org/p/cla/levarc/462.html},
  number={462},
  keywords={}
}

@inproceedings{VermorelMultiArmedBandit,
 author = {Vermorel, Joann\`{e}s and Mohri, Mehryar},
 title = {Multi-armed bandit algorithms and empirical evaluation},
 booktitle = {Proceedings of the 16th European conference on Machine Learning},
 series = {ECML'05},
 year = {2005},
 isbn = {3-540-29243-8, 978-3-540-29243-2},
 location = {Porto, Portugal},
 pages = {437--448},
 numpages = {12},
 url = {http://dx.doi.org/10.1007/11564096_42},
 doi = {10.1007/11564096_42},
 acmid = {2130972},
 publisher = {Springer-Verlag},
 address = {Berlin, Heidelberg},
} 

@article{SukomalJASIST,
  author    = {Sukomal Pal and Mandar Mitra and Jaap Kamps},
  title     = {Evaluation effort, reliability and reusability in XML retrieval},
  journal   = {JASIST},
  volume    = {62},
  number    = {2},
  year      = {2011},
  pages     = {375-394},
  ee        = {http://dx.doi.org/10.1002/asi.21403},
  bibsource = {DBLP, http://dblp.uni-trier.de}
}

@article{WuIPM13WeightedCondorsetFusion,
  author    = {Shengli Wu},
  title     = {The weighted Condorcet fusion in information retrieval},
  journal   = {Inf. Process. Manage.},
  volume    = {49},
  number    = {1},
  year      = {2013},
  pages     = {108-122},
  ee        = {http://dx.doi.org/10.1016/j.ipm.2012.02.007},
  bibsource = {DBLP, http://dblp.uni-trier.de}
}

@inproceedings{WuECIR2005DataFusionCorrWeights,
 author = {Wu, Shengli and McClean, Sally},
 title = {Data fusion with correlation weights},
 booktitle = {Proceedings of the 27th European conference on Advances in Information Retrieval Research},
 series = {ECIR'05},
 year = {2005},
 isbn = {3-540-25295-9, 978-3-540-25295-5},
 location = {Santiago de Compostela, Spain},
 pages = {275--286},
 numpages = {12},
 acmid = {2149987},
 publisher = {Springer-Verlag},
 address = {Berlin, Heidelberg},
} 

@inproceedings{AslamSIGIR2001ModelsForMetaSearch,
 author = {Aslam, Javed A. and Montague, Mark},
 title = {Models for metasearch},
 booktitle = {Proceedings of the 24th annual international ACM SIGIR conference on Research and development in information retrieval},
 series = {SIGIR '01},
 year = {2001},
 isbn = {1-58113-331-6},
 location = {New Orleans, Louisiana, USA},
 pages = {276--284},
 numpages = {9},
 url = {http://doi.acm.org/10.1145/383952.384007},
 doi = {10.1145/383952.384007},
 acmid = {384007},
 publisher = {ACM},
 address = {New York, NY, USA},
} 

@inproceedings{MontagueCIKM2001RelevanceScoreNormalization,
 author = {Montague, Mark and Aslam, Javed A.},
 title = {Relevance score normalization for metasearch},
 booktitle = {Proceedings of the tenth international conference on Information and knowledge management},
 series = {CIKM '01},
 year = {2001},
 isbn = {1-58113-436-3},
 location = {Atlanta, Georgia, USA},
 pages = {427--433},
 numpages = {7},
 url = {http://doi.acm.org/10.1145/502585.502657},
 doi = {10.1145/502585.502657},
 acmid = {502657},
 publisher = {ACM},
 address = {New York, NY, USA},
} 

@article{PapoulisPillai2002,
 author = {Athanasios Papoulis and S. Pillai},
 title = {Probability, random variables and stochastic processes},
 journal = {},
 issue_date = {},
 volume = {},
 number = {},
 month = July,
 year = {2002},
 issn = {},
 pages = {},
 numpages = {872},
 url = {},
 doi = {},
 acmid = {},
 publisher = {Mc Graw Hill},
 address = {},
 keywords = {},
} 


article{DFRPaper,
 author = {Amati, Gianni and Van Rijsbergen, Cornelis Joost},
 title = {Probabilistic models of information retrieval based on measuring the divergence from randomness},
 journal = {ACM Trans. Inf. Syst.},
 volume = {20},
 number = {4},
 year = {2002},
 issn = {1046-8188},
 pages = {357--389},
 doi = {http://doi.acm.org/10.1145/582415.582416},
 publisher = {ACM},
 address = {New York, NY, USA},
 }

@article{BM25Paper,
 author    = {Stephen E. Robertson and Hugo Zaragoza},
 title     = {The Probabilistic Relevance Framework: BM25 and Beyond},
 journal   = {Foundations and Trends in Information Retrieval},
 volume    = {3},
 number    = {4},
 year      = {2009},
 pages     = {333-389},
 ee        = {http://dx.doi.org/10.1561/1500000019},
}

@inproceedings{OverviewTREC1995,
 author = {D. Harman},
 title = {Overview of the Fourth Text Retrieval Conference},
 booktitle = {},
 year = {1995},
 isbn = {},
 pages = {1-24},
 location = {Gaithersburg, MD, USA},
 doi = {},
 publisher = {The Fourth Text Retrieval Conference},
 address = {},
 }

@inproceedings{ConfusionTrackTREC1996,
 author = {P. Kantor and E. Voorhees},
 title = {Report on the TREC-5 Confusion Track},
 booktitle = {Proceedings of the Fifth Text Retrieval Conference},
 year = {1996},
 isbn = {},
 pages = {65-74},
 location = {Gaithersburg, MD, USA},
 doi = {},
 publisher = {},
 address = {},
 }

@inproceedings{OverviewTRECLegal2006,
 author = {J. Baron, D. Lewis and D. Oard},
 title = {The TREC-2006 Legal Track},
 booktitle = {Proceedings of the Fifteenth Text Retrieval Conference},
 year = {2006},
 isbn = {},
 pages = {},
 location = {Gaithersburg, MD, USA},
 doi = {},
 publisher = {},
 address = {},
 }


@inproceedings{OverviewTRECLegal2007,
 author = {S. Tomlinson, D. Oard, J. Baron and P. Thompson},
 title = {Overview of the TREC 2007 Legal Track},
 booktitle = {Proceedings of the Sixteenth Text Retrieval Conference},
 year = {2007},
 isbn = {},
 pages = {},
 location = {Gaithersburg, MD, USA},
 doi = {},
 publisher = {},
 address = {},
 }

@inproceedings{OverviewTRECLegal2008,
 author = {D. Oard, B. Hedin, S. Tomlinson and J. Baron},
 title = {Overview of the TREC 2008 Legal Track},
 booktitle = {Proceedings of the Seventeenth Text Retrieval Conference},
 year = {2008},
 isbn = {},
 pages = {},
 location = {Gaithersburg, MD, USA},
 doi = {},
 publisher = {},
 address = {},
 }

@inproceedings{OverviewTRECLegal2009,
 author = {B. Hedin, S. Tomlinson, J. Baron, and D. Oard},
 title = {Overview of the TREC 2009 Legal Track},
 booktitle = {Proceedings of the Eighteenth Text Retrieval Conference},
 year = {2009},
 isbn = {},
 pages = {},
 location = {Gaithersburg, MD, USA},
 doi = {},
 publisher = {},
 address = {},
 }




@inproceedings{ApplyingProbabilisticIRToOCRText,
 author = {K. Taghva, J. Borsack and A. Condit},
 title = {Results of Applying probabilistic IR to OCR Text},
 year = {1994},
 isbn = {},
 pages = {202--211},
 location = {Dublin, Ireland},
 doi = {},
 publisher = {Proceedings of the 17th Annual International ACM SIGIR Conference on Research and Development in Information Retrieval},
 address = {},
 }


@inproceedings{LengthNormalizationInDegradedTextCollections,
 author = {A. Singhal, G. Salton and C. Buckley},
 title = {Length Normalization in Degraded Text Collections},
 booktitle = {Proceedings of the Fifth Annual Symposium on Document Analysis and Information Retrieval},
 year = {1996},
 isbn = {},
 pages = {149-162},
 doi = {},
 publisher = {},
 address = {},
 }

@inproceedings{OCRErrorCorrectionUsingNoisyChannelModel,
 author = {Okan Kolak and Philip Resnik},
 title = {OCR Error Correction Using a Noisy Channel Model},
 booktitle = {Proceedings of the Second International Conference on Human Language Technology Research},
 year = {2002},
 isbn = {},
 pages = {257--262},
 location = {San Francisco, USA},
 doi = {},
 publisher = {},
 address = {},
 }

@inproceedings{ArabicOCRErrorCorrection ,
 author = {Walid Magdy and Kareem Darwish},
 title = {Arabic OCR Error Correction Using Character Segment Correction, Language Modeling, and Shallow Morphology 
},
 booktitle = {Proceedings of the 2006 Conference on Empirical Methods in Natural Language Processing},
 year = {2006},
 isbn = {},
 pages = {408-414},
 location = {},
 doi = {},
 publisher = {},
 address = {},
 }

@article{OCRErrorDetectionAndCorrectionOfAninflectionalIndianLanguageScript,
 author    = {Chaudhuri, B.B. and Pal, U.},
 title     = {OCR error detection and correction of an inflectional Indian language script},
 journal   = {Pattern Recognition},
 volume    = {3},
 number    = {},
 year      = {1996},
 pages     = {245 - 249},
 ee        = {},
}

@inproceedings{NagataJapaneseOCRErrorCorrection,
 author = {Nagata, Masaaki},
 title = {Japanese OCR error correction using character shape similarity and statistical language model},
 booktitle = {Proceedings of the 36th Annual Meeting of the Association for Computational Linguistics and 17th International Conference on Computational Linguistics - Volume 2},
 series = {ACL '98},
 year = {1998},
 location = {Montreal, Quebec, Canada},
 pages = {922--928},
 numpages = {7},
 url = {http://dx.doi.org/10.3115/980691.980721},
 doi = {10.3115/980691.980721},
 acmid = {980721},
 publisher = {Association for Computational Linguistics},
 address = {Stroudsburg, PA, USA},
} 

@inproceedings{TongStatisticalAproachOCRError,
 author = {Tong, Xiang and Evans, A. David},
 booktitle = {Proceedings of the fourth workshop on very large corpora},
 series = {},
 year = {1996},
 location = {},
 pages = {},
 numpages = {13},
 url = {},
 doi = {},
 acmid = {},
 publisher = {},
 address = {},
} 

@article{Paik:GRAS,
 author = {Paik, Jiaul H. and Mitra, Mandar and Parui, Swapan K. and J\"{a}rvelin, Kalervo},
 title = {GRAS: An effective and efficient stemming algorithm for information retrieval},
 journal = {ACM Trans. Inf. Syst.},
 volume = {29},
 number = {4},
 month = dec,
 year = {2011},
 issn = {1046-8188},
 pages = {19:1--19:24},
} 

%  pages = {863--872},
@inproceedings{Paik:SIGIR2011,
 author = {Paik, Jiaul H. and Pal, Dipasree and Parui, Swapan K.},
 title = {A novel corpus-based stemming algorithm using co-occurrence statistics},
 booktitle = {Proc. ACM SIGIR},
 year = {2011},
} 

@article{Majumder:YASS,
 author = {Majumder, Prasenjit and Mitra, Mandar and Parui, Swapan K. and Kole, Gobinda and Mitra, Pabitra and Datta, Kalyankumar},
 title = {YASS: Yet another suffix stripper},
 journal = {ACM Trans. Inf. Syst.},
 issue_date = {October 2007},
 volume = {25},
 number = {4},
 month = oct,
 year = {2007},
 issn = {1046-8188},
 articleno = {18},
} 

@inproceedings{RISOT2011:Overview,
 author = {Garain, U. and Paik, J. and Pal, T. and Majumder, P. and Doermann, D. and Oard, D.W.},
 title = {Overview of the FIRE 2011 RISOT Task},
 journal = {Lecture Notes in Computer Science},
 issue_date = {2013},
 volume = {7536},
 number = {},
 month = oct,
 year = {2013},
 issn = {},
 articleno = {},
 url = {},
 doi = {},
 acmid = {},
 publisher = {Springer},
 address = {},
 keywords = {},
} 



@inproceedings{RISOT2011:kripa,
 author = {Ghosh, K. and Parui, S. K.},
 title = {Retrieval from OCR Text : RISOT Track},
 journal = {Lecture Notes in Computer Science},
 issue_date = {2013},
 volume = {7536},
 number = {},
 month = oct,
 year = {2013},
 pages = {214--226},
 issn = {},
 articleno = {},
 url = {},
 doi = {},
 acmid = {},
 publisher = {Springer},
 address = {},
 keywords = {},
} 

@inproceedings{OverviewTREC1995,
 author = {D. Harman},
 title = {Overview of the Fourth Text Retrieval Conference},
 booktitle = {Proceedings of The Fourth Text Retrieval Conference},
 year = {1995},
 isbn = {},
 pages = {1-24},
 location = {Gaithersburg, MD, USA},
 doi = {},
 publisher = {},
 address = {},
 }

@inproceedings{ConfusionTrackTREC1996,
 author = {P. Kantor and E. Voorhees},
 title = {Report on the TREC-5 Confusion Track},
 booktitle = {Proceedings of The Fifth Text Retrieval Conference},
 year = {1996},
 isbn = {},
 pages = {65-74},
 location = {Gaithersburg, MD, USA},
 doi = {},
 publisher = {},
 address = {},
 }

@inproceedings{ClustFuseSIGIR2011,
 author = {Khudyak Kozorovitsky, Anna and Kurland, Oren},
 title = {Cluster-based Fusion of Retrieved Lists},
 booktitle = {Proceedings of the 34th International ACM SIGIR Conference on Research and Development in Information Retrieval},
 series = {SIGIR '11},
 year = {2011},
 isbn = {978-1-4503-0757-4},
 location = {Beijing, China},
 pages = {893--902},
 numpages = {10},
 url = {http://doi.acm.org/10.1145/2009916.2010035},
 doi = {10.1145/2009916.2010035},
 acmid = {2010035},
 publisher = {ACM},
 address = {New York, NY, USA},
 keywords = {ad hoc retrieval, cluster-based fusion, fusion},
} 

@inproceedings{LambdaMergeWSDM2011,
 author = {Sheldon, Daniel and Shokouhi, Milad and Szummer, Martin and Craswell, Nick},
 title = {LambdaMerge: Merging the Results of Query Reformulations},
 booktitle = {Proceedings of the Fourth ACM International Conference on Web Search and Data Mining},
 series = {WSDM '11},
 year = {2011},
 isbn = {978-1-4503-0493-1},
 location = {Hong Kong, China},
 pages = {795--804},
 numpages = {10},
 url = {http://doi.acm.org/10.1145/1935826.1935930},
 doi = {10.1145/1935826.1935930},
 acmid = {1935930},
 publisher = {ACM},
 address = {New York, NY, USA},
 keywords = {lambdamerge, learning to rank, query expansion, query reformulation},
} 

@inproceedings{MixtureModelSIGIR2012,
 author = {Hong, Dzung and Si, Luo},
 title = {Mixture Model with Multiple Centralized Retrieval Algorithms for Result Merging in Federated Search},
 booktitle = {Proceedings of the 35th International ACM SIGIR Conference on Research and Development in Information Retrieval},
 series = {SIGIR '12},
 year = {2012},
 isbn = {978-1-4503-1472-5},
 location = {Portland, Oregon, USA},
 pages = {821--830},
 numpages = {10},
 url = {http://doi.acm.org/10.1145/2348283.2348393},
 doi = {10.1145/2348283.2348393},
 acmid = {2348393},
 publisher = {ACM},
 address = {New York, NY, USA},
 keywords = {federated search, mixture model, result merging},
} 


@article{RegressionFuseDKE2012,
 author = {Wu, Shengli},
 title = {Linear Combination of Component Results in Information Retrieval},
 journal = {Data Knowl. Eng.},
 issue_date = {January, 2012},
 volume = {71},
 number = {1},
 month = jan,
 year = {2012},
 issn = {0169-023X},
 pages = {114--126},
 numpages = {13},
 url = {http://dx.doi.org/10.1016/j.datak.2011.08.003},
 doi = {10.1016/j.datak.2011.08.003},
 acmid = {2064326},
 publisher = {Elsevier Science Publishers B. V.},
 address = {Amsterdam, The Netherlands, The Netherlands},
 keywords = {Data fusion, Information retrieval, Logistic regression, Meta-search, Model, Multiple linear regression, The linear combination method},
} 

@article{Verhulst1838,
 author = {Verhulst, Pierre-François and  Adolphe Quételet},
 title = {Notice sur la loi que la population poursuit dans son accroissement},
 journal = {Correspondance mathématique et physique},
 issue_date = {1838},
 volume = {},
 number = {},
 month = {},
 year = {1838},
 issn = {},
 pages = {},
 numpages = {},
 url = {},
 doi = {},
 acmid = {},
 publisher = {Impr. d'H. Vandekerckhove},
 address = {},
 keywords = {},
} 


@article{PSO1995,
 author = {Kennedy, J. and Eberhart, R.},
 title = {Particle Swarm Optimization},
 journal = {Proceedings of IEEE International Conference on Neural Networks IV},
 issue_date = {1995},
 volume = {},
 number = {},
 month = {},
 year = 1995,
 issn = {},
 pages = {1942–1948},
 numpages = {},
 url = {},
 doi = {doi:10.1109/ICNN.1995.488968},
} 

@article{PSO1998,
 author = {Shi, Y. and Eberhart, R.C.},
 title = {A modified particle swarm optimizer},
 journal = {Proceedings of IEEE International Conference on Evolutionary Computation},
 issue_date = {1998},
 volume = {},
 number = {},
 month = {},
 year = {1995},
 issn = {},
 pages = {69–73},
 numpages = {},
 url = {},
 doi = {},
 acmid = {},
 publisher = {},
 address = {},
 keywords = {},
} 

@inproceedings{DiazAviles2009,
 author = {Diaz-Aviles, Ernesto and Nejdl, Wolfgang and Schmidt-Thieme, Lars},
 title = {Swarming to Rank for Information Retrieval},
 booktitle = {Proceedings of the 11th Annual Conference on Genetic and Evolutionary Computation},
 series = {GECCO '09},
 year = {2009},
 isbn = {978-1-60558-325-9},
 location = {Montreal, Qu\&\#233;bec, Canada},
 pages = {9--16},
 numpages = {8},
 url = {http://doi.acm.org/10.1145/1569901.1569904},
 doi = {10.1145/1569901.1569904},
 acmid = {1569904},
 publisher = {ACM},
 address = {New York, NY, USA},
 keywords = {learning to rank, particle swarm optimization, ranking function, swarm intelligence},
} 
 
@INPROCEEDINGS{Cui05documentclustering,
    author = {Xiaohui Cui and Thomas E. Potok and Paul Palathingal},
    title = {Document Clustering using Particle Swarm Optimization},
    booktitle = {IEEE Swarm Intelligence Symposium, The Westin},
    year = {2005}
}

@inproceedings{DiazAviles2012,
 author = {Diaz-Aviles, Ernesto and Georgescu, Mihai and Nejdl, Wolfgang},
 title = {Swarming to Rank for Recommender Systems},
 booktitle = {Proceedings of the Sixth ACM Conference on Recommender Systems},
 series = {RecSys '12},
 year = {2012},
 isbn = {978-1-4503-1270-7},
 location = {Dublin, Ireland},
 pages = {229--232},
 numpages = {4},
 url = {http://doi.acm.org/10.1145/2365952.2366001},
 doi = {10.1145/2365952.2366001},
 acmid = {2366001},
 publisher = {ACM},
 address = {New York, NY, USA},
 keywords = {PSO, collaborative filtering, matrix factorization, recommender systems, swarm intelligence},
} 

@inproceedings{Drias2010,
 author = {Drias, Habiba and Mosteghanemi, Hadia},
 title = {Bees Swarm Optimization Based Approach for Web Information Retrieval},
 booktitle = {Proceedings of the 2010 IEEE/WIC/ACM International Conference on Web Intelligence and Intelligent Agent Technology - Volume 01},
 series = {WI-IAT '10},
 year = {2010},
 isbn = {978-0-7695-4191-4},
 pages = {6--13},
 numpages = {8},
 url = {http://dx.doi.org/10.1109/WI-IAT.2010.179},
 doi = {10.1109/WI-IAT.2010.179},
 acmid = {1914116},
 publisher = {IEEE Computer Society},
 address = {Washington, DC, USA},
 keywords = {web information retrieval, very large collections of documents, scalability, evolutionary algorithms, swarm intelligence, BSO, classic approach},
} 

@inproceedings{Reynolds87,
 author = {Reynolds, Craig W.},
 title = {Flocks, Herds and Schools: A Distributed Behavioral Model},
 booktitle = {Proceedings of the 14th Annual Conference on Computer Graphics and Interactive Techniques},
 series = {SIGGRAPH '87},
 year = {1987},
 isbn = {0-89791-227-6},
 pages = {25--34},
 numpages = {10},
 url = {http://doi.acm.org/10.1145/37401.37406},
 doi = {10.1145/37401.37406},
 acmid = {37406},
 publisher = {ACM},
 address = {New York, NY, USA},
} 

@inproceedings{Thesis2001,
 author = {van den Bergh, F.},
 title = {An Analysis of Particle Swarm Optimizers (PhD thesis).},
 year = {2001},
} 

@article{Clerc2002,
 author = {Clerc, M. and Kennedy, J.},
 title = {The Particle Swarm - Explosion, Stability, and Convergence in a Multidimensional Complex Space},
 journal = {Trans. Evol. Comp},
 issue_date = {February 2002},
 volume = {6},
 number = {1},
 month = feb,
 year = {2002},
 issn = {1089-778X},
 pages = {58--73},
 numpages = {16},
 url = {http://dx.doi.org/10.1109/4235.985692},
 doi = {10.1109/4235.985692},
 acmid = {2221574},
 publisher = {IEEE Press},
 address = {Piscataway, NJ, USA},
} 


@article{Trelea2003,
 author = {Trelea, Ioan Cristian},
 title = {The Particle Swarm Optimization Algorithm: Convergence Analysis and Parameter Selection},
 journal = {Inf. Process. Lett.},
 issue_date = {31 March 2003},
 volume = {85},
 number = {6},
 month = mar,
 year = {2003},
 issn = {0020-0190},
 pages = {317--325},
 numpages = {9},
 url = {http://dx.doi.org/10.1016/S0020-0190(02)00447-7},
 doi = {10.1016/S0020-0190(02)00447-7},
 acmid = {766419},
 publisher = {Elsevier North-Holland, Inc.},
 address = {Amsterdam, The Netherlands, The Netherlands},
 keywords = {analysis of algorithms, parallel algorithms, particle swarm optimization, stochastic optimization},
} 

@article{Kang1997,
 author = {Kang, Hyun-Kyu and Choi, Key-Sun},
 title = {Two-level Document Ranking Using Mutual Information in Natural Language Information Retrieval},
 journal = {Inf. Process. Manage.},
 issue_date = {May 1997},
 volume = {33},
 number = {3},
 month = may,
 year = {1997},
 issn = {0306-4573},
 pages = {289--306},
 numpages = {18},
 url = {http://dx.doi.org/10.1016/S0306-4573(96)00074-X},
 doi = {10.1016/S0306-4573(96)00074-X},
 acmid = {254929},
 publisher = {Pergamon Press, Inc.},
 address = {Tarrytown, NY, USA},
} 

@article{RISOT2012,
 author = {Ghosh, Kripabandhu and Chakraborty, Anirban},
 title = {Improving IR performance from OCRed text using cooccurrence},
 journal = {FIRE RISOT track 2012 working notes},
 issue_date = {December 2012},
 volume = {},
 number = {},
 month = dec,
 year = {2012},
 issn = {},
 pages = {},
 numpages = {2},
 url = {},
 doi = {},
 acmid = {},
 publisher = {},
 address = {},
} 

@inproceedings{GhoshSIGIR2012,
 author = {Ghosh, Kripabandhu},
 title = {Improving e-Discovery Using Information Retrieval},
 booktitle = {Proceedings of the 35th International ACM SIGIR Conference on Research and Development in Information Retrieval},
 series = {SIGIR '12},
 year = {2012},
 isbn = {978-1-4503-1472-5},
 location = {Portland, Oregon, USA},
 pages = {996--996},
 numpages = {1},
 url = {http://doi.acm.org/10.1145/2348283.2348420},
 doi = {10.1145/2348283.2348420},
 acmid = {2348420},
 month = aug,
 publisher = {ACM},
 address = {New York, NY, USA},
 keywords = {boolean query, e-discovery},
} 

@inproceedings{GhoshTREC2010,
 author = {Ghosh, Kripabandhu and Parui, Swapan Kumar and Majumder, Prasenjit and Bandyopadhyay, Ayan and Singh, S. John J. Raja},
 title = {Indian Statistical Institute, Kolkata at TREC 2010 : Legal Interactive},
 booktitle = {},
 series = {TREC 2010},
 year = {2010},
 isbn = {},
 location = {NIST, Gaithersburg USA},
 pages = {},
 numpages = {},
 url = {http://trec.nist.gov/pubs/trec19/t19.proceedings.html},
 month = nov,
 publisher = {},
 address = {},
 keywords = {},
} 

@inproceedings{GhoshTREC2011,
 author = {Ghosh, Kripabandhu and Majumder, Prasenjit and Parui, Swapan Kumar },
 title = {Cluster-based Relevance Feedback : Legal Track 2011},
 booktitle = {},
 series = {TREC 2011},
 year = {2011},
 isbn = {},
 location = {NIST, Gaithersburg USA},
 pages = {},
 numpages = {},
 url = {http://trec.nist.gov/pubs/trec20/t20.proceedings.html},
 month = nov,
 publisher = {},
 address = {},
 keywords = {},
} 

@inproceedings{GhoshIPM,
 author = {Ghosh, Kripabandhu and Parui, Swapan Kumar },
 title = {Learning combination weights in data fusion using Genetic Algorithm},
 booktitle = {Information Processing and Management (provisionally accepted subject to minor revisions)},
 series = {},
 year = {},
 isbn = {},
 location = {},
 pages = {},
 numpages = {},
 url = {},
 publisher = {Elsevier},
 address = {},
 keywords = {}
} 

@inproceedings{GhoshIR,
 author = {Ghosh, Kripabandhu and Majumder, Prasenjit},
 title = {Yet Another Fusion Weight Learner},
 booktitle = {Information Retrieval (communicated)},
 series = {},
 year = {},
 isbn = {},
 location = {},
 pages = {},
 numpages = {},
 url = {},
 publisher = {Springer},
 address = {},
 keywords = {}
} 

@article{RISOT2012PP,
 author = {Ghosh, Kripabandhu and Chakraborty, Anirban},
 title = {Improving IR performance from OCRed text using cooccurrence},
 journal = {FIRE 2012 post proceedings},
 issue_date = {},
 volume = {},
 number = {},
 month = {},
 year = {},
 issn = {},
 pages = {},
 numpages = {},
 url = {},
 doi = {},
 acmid = {},
 publisher = {ACM Digital Library},
 address = {},
} 

@article{Fataicha2006,
 author = {Fataicha, Y. and Cheriet, M. and Nie, Y. and Suen, Y.},
 title = {Retrieving Poorly Degraded OCR Documents},
 journal = {Int. J. Doc. Anal. Recognit.},
 issue_date = {March 2006},
 volume = {8},
 number = {1},
 month = mar,
 year = {2006},
 issn = {1433-2833},
 pages = {1--99999},
 numpages = {99999},
 url = {http://dx.doi.org/10.1007/s10032-005-0147-6},
 doi = {10.1007/s10032-005-0147-6},
 acmid = {1124757},
 publisher = {Springer-Verlag},
 address = {Berlin, Heidelberg},
 keywords = {Document processing, Error-grams, Information retrieval (IR), Optical character recognition (OCR), Query expansion},
} 

@article{GAAdaptive1994,
 author = {Srinivas, M. and Patnaik, L. M.},
 title = {Adaptive Probabilities of Crossover and Mutation in Genetic Algorithms},
 journal = {IEEE TRANSACTIONS ON SYSTEMS,MAN AND CYBERNETICS},
 issue_date = {April 1994},
 volume = {24},
 number = {4},
 month = April,
 year = {1994},
 issn = {},
 pages = {656-667},
 numpages = {12},
 url = {},
 doi = {},
 acmid = {},
 publisher = {IEEE},
 address = {},
} 

@ARTICLE{Rudolph94convergenceanalysis,
    author = {Günter Rudolph},
    title = {Convergence Analysis of Canonical Genetic Algorithms},
    journal = {IEEE Transactions on Neural Networks},
    year = {1994},
    volume = {5},
    pages = {96--101}
}

@incollection{Cleverdon1997-RIR,
 author = {Cleverdon, Cyril},
 title = {{The Cranfield Tests on Index Language Devices}},
 booktitle = {Aslib Proceed},
 editor = {},
 year = {1967},
 volume = {19},
 number = {4},
 isbn = {},
 pages = {173--194},
 numpages = {22},
 acmid = {},
 publisher = {},
 address = {},
} 

%  url = {http://dl.acm.org/citation.cfm?id=275537.275544},
@incollection{Cleverdon1997,
 author = {Cleverdon, Cyril},
 title = {The Cranfield Tests on Index Language Devices},
 booktitle = {Readings in Information Retrieval},
 editor = {Sparck Jones, Karen and Willett, Peter},
 year = {1997},
 isbn = {1-55860-454-5},
 pages = {47--59},
 numpages = {13},
 acmid = {275544},
 publisher = {Morgan Kaufmann Publishers Inc.},
 address = {San Francisco, CA, USA},
} 

@incollection{TREC2005,
 author = {Voorhees, EM and Harman DK},
 title = {The text retrieval conference},
 year = {2005},
 isbn = {},
 pages = {3--19},
 numpages = {17},
 url = {},
 publisher = {MIT Press, Cambridge},
 address = {TREC: experiment and evaluation in information retrieval},
} 

@article{PetersCLEF2001,
 author = {Peters, Carol and Braschler, Martin},
 title = {European Research Letter: Cross-language System Evaluation: The CLEF Campaigns},
 journal = {J. Am. Soc. Inf. Sci. Technol.},
 issue_date = {October 2001},
 volume = {52},
 number = {12},
 month = oct,
 year = {2001},
 issn = {1532-2882},
 pages = {1067--1072},
 numpages = {6},
 url = {http://dx.doi.org/10.1002/asi.1164},
 doi = {10.1002/asi.1164},
 acmid = {513164},
 publisher = {John Wiley \& Sons, Inc.},
 address = {New York, NY, USA},
} 

@article{KandoNTCIR2008,
 author = {Kando, Noriko and Mitamura, Teruko and Sakai, Tetsuya},
 title = {Introduction to the NTCIR-6 Special Issue},
 issue_date = {June 2008},
 volume = {7},
 number = {2},
 month = apr,
 year = {2008},
 issn = {1530-0226},
 pages = {4:1--4:3},
 articleno = {4},
 numpages = {3},
 url = {http://doi.acm.org/10.1145/1362782.1362783},
 doi = {10.1145/1362782.1362783},
 acmid = {1362783},
 publisher = {ACM},
 address = {New York, NY, USA},
} 

@article{Kazai2004INEX,
 author = {Kazai, G. and Lalmas, M. and Fuhr, N. and Gövert, N.},
 title = {A report on the first year of the INitiative for the Evaluation of XML retrieval (INEX'02)},
 journal = {Journal of the American Society for Information Science and Technology},
 issue_date = {April 2004},
 volume = {55},
 number = {6},
 month = april,
 year = {2004},
 issn = {},
 pages = {551--556},
 numpages = {6},
 url = {},
 doi = {10.1002/asi.10386},
 acmid = {},
 publisher = {},
 address = {},
} 

@inproceedings{MajumderFIRE2008,
 author = {Majumder, Prasenjit and Mitra, Mandar and Pal, Dipasree and Bandyopadhyay, Ayan and Maiti, Samaresh and Mitra, Sukanya and Sen, Aparajita and Pal, Sukomal},
 title = {Text Collections for FIRE},
 booktitle = {Proceedings of the 31st Annual International ACM SIGIR Conference on Research and Development in Information Retrieval},
 series = {SIGIR '08},
 year = {2008},
 isbn = {978-1-60558-164-4},
 location = {Singapore, Singapore},
 pages = {699--700},
 numpages = {2},
 url = {http://doi.acm.org/10.1145/1390334.1390458},
 doi = {10.1145/1390334.1390458},
 acmid = {1390458},
 publisher = {ACM},
 address = {New York, NY, USA},
 keywords = {evaluation, fire, indian language information retrieval},
} 

@article{OldLitDonna2008,
 author = {Harman, D. and Hiemstra, D.},
 title = {Saving and accessing the old IR literature},
 journal = {ACM SIGIR Forum},
 issue_date = {December 2008},
 volume = {42},
 number = {2},
 month = december,
 year = {2008},
 issn = {},
 pages = {16--21},
 numpages = {6},
 url = {},
 doi = {},
 acmid = {},
 publisher = {ACM},
 address = {},
}

@article{Kleinberg1999,
 author = {Kleinberg, Jon M.},
 title = {Authoritative Sources in a Hyperlinked Environment},
 journal = {J. ACM},
 issue_date = {Sept. 1999},
 volume = {46},
 number = {5},
 month = sep,
 year = {1999},
 issn = {0004-5411},
 pages = {604--632},
 numpages = {29},
 url = {http://doi.acm.org/10.1145/324133.324140},
 doi = {10.1145/324133.324140},
 acmid = {324140},
 publisher = {ACM},
 address = {New York, NY, USA},
 keywords = {World Wide Web, graph algorithms, hypertext structure, link analysis},
} 

@article{Macdonald2013,
 author = {Macdonald, Craig and Santos, Rodrygo L.T. and Ounis, Iadh and He, Ben},
 title = {About Learning Models with Multiple Query-dependent Features},
 journal = {ACM Trans. Inf. Syst.},
 issue_date = {July 2013},
 volume = {31},
 number = {3},
 month = aug,
 year = {2013},
 issn = {1046-8188},
 pages = {11:1--11:39},
 articleno = {11},
 numpages = {39},
 url = {http://doi.acm.org/10.1145/2493175.2493176},
 doi = {10.1145/2493175.2493176},
 acmid = {2493176},
 publisher = {ACM},
 address = {New York, NY, USA},
 keywords = {Learning to rank, field-based weighting models, samples},
} 

@inproceedings{Liu2009,
 author = {Liu, Tie-Yan},
 title = {Learning to Rank for Information Retrieval},
 booktitle = {Found. Trends Inf. Retriev.},
 series = {},
 year = {2009},
 isbn = {},
 location = {},
 pages = {225--331},
 numpages = {107},
 url = {},
 doi = {},
 acmid = {},
 publisher = {},
 address = {},
 keywords = {},
} 

@inproceedings{AdaRank2007,
 author = {Xu, Jun and Li, Hang},
 title = {AdaRank: A Boosting Algorithm for Information Retrieval},
 booktitle = {Proceedings of the 30th Annual International ACM SIGIR Conference on Research and Development in Information Retrieval},
 series = {SIGIR '07},
 year = {2007},
 isbn = {978-1-59593-597-7},
 location = {Amsterdam, The Netherlands},
 pages = {391--398},
 numpages = {8},
 url = {http://doi.acm.org/10.1145/1277741.1277809},
 doi = {10.1145/1277741.1277809},
 acmid = {1277809},
 publisher = {ACM},
 address = {New York, NY, USA},
 keywords = {boosting, information retrieval, learning to rank},
} 

@article{CoordinateAscent2007,
 author = {Metzler, Donald and Bruce Croft, W.},
 title = {Linear Feature-based Models for Information Retrieval},
 journal = {Inf. Retr.},
 issue_date = {June      2007},
 volume = {10},
 number = {3},
 month = jun,
 year = {2007},
 issn = {1386-4564},
 pages = {257--274},
 numpages = {18},
 url = {http://dx.doi.org/10.1007/s10791-006-9019-z},
 doi = {10.1007/s10791-006-9019-z},
 acmid = {1265494},
 publisher = {Kluwer Academic Publishers},
 address = {Hingham, MA, USA},
 keywords = {Direct maximization, Features, Linear models, Retrieval models},
} 

@inproceedings{SVMRank2006,
 author = {Joachims, Thorsten},
 title = {Training Linear SVMs in Linear Time},
 booktitle = {Proceedings of the 12th ACM SIGKDD International Conference on Knowledge Discovery and Data Mining},
 series = {KDD '06},
 year = {2006},
 isbn = {1-59593-339-5},
 location = {Philadelphia, PA, USA},
 pages = {217--226},
 numpages = {10},
 url = {http://doi.acm.org/10.1145/1150402.1150429},
 doi = {10.1145/1150402.1150429},
 acmid = {1150429},
 publisher = {ACM},
 address = {New York, NY, USA},
 keywords = {ROC-area, large-scale problems, ordinal regression, support vector machines (SVM), training algorithms},
} 

@inproceedings{ChakrabortyKDIR2014,
 author = {Chakraborty, Anirban and Ghosh, Kripabandhu and Roy, Utpal},
 title = {A Word Association Based Approach for Improving Retrieval Performance from Noisy OCRed Text},
 booktitle = {Proceedings of the 6th International Conference on Knowledge Discovery and Information Retrieval (acccepted)},
 series = {KDIR '14},
 year = {2014},
 isbn = {},
 location = {},
 pages = {},
 numpages = {},
 url = {},
 doi = {},
 acmid = {},
 month = oct,
 publisher = {SCITEPRESS},
 address = {Rome, Italy},
 keywords = {},
} 

@inproceedings{lm,
 author = {Ponte, Jay M. and Croft, W. Bruce},
 title = {A language modeling approach to information retrieval},
 booktitle = {{Proc. ACM SIGIR}},
 series = {},
 year = {1998},
 pages = {275--281},
} 

@article{dfr,
 author = {Amati, Gianni and Van Rijsbergen, Cornelis Joost},
 title = {Probabilistic models of information retrieval based on measuring the divergence from randomness},
 journal = {ACM Transactions on Information Systems},
 issue_date = {October 2002},
 volume = {20},
 number = {4},
 month = oct,
 year = {2002},
 pages = {357--389},
} 

@article{diag,
 author = {Fang, Hui and Tao, Tao and Zhai, Chengxiang},
 title = {Diagnostic Evaluation of Information Retrieval Models},
 journal = {ACM Transactions on Information Systems},
 issue_date = {April 2011},
 volume = {29},
 number = {2},
 month = apr,
 year = {2011},
 pages = {7:1--7:42},
 articleno = {7},
} 

@inproceedings{pivoted,
 author = {Singhal, Amit and Buckley, Chris and Mitra, Mandar},
 title = {Pivoted document length normalization},
 booktitle = {Proceedings of the 19th Annual International ACM SIGIR Conference on Research and Development in Information Retrieval},
 series = {SIGIR '96},
 year = {1996},
 pages = {21--29},
} 

@article{bm25-beyond,
 author = {Robertson, Stephen and Zaragoza, Hugo},
 title = {The Probabilistic Relevance Framework: BM25 and Beyond},
 journal = {Foundations and Trends in Information Retrieval},
 issue_date = {April 2009},
 volume = {3},
 number = {4},
 month = apr,
 year = {2009},
 pages = {333--389},
} 

@article{term-weight,
 author = {Salton, Gerard and Buckley, Christopher},
 title = {Term-weighting approaches in automatic text retrieval},
 journal = {Information Processing and  Management},
 issue_date = {1988},
 volume = {24},
 number = {5},
 month = aug,
 year = {1988},
 pages = {513--523},
} 

@inproceedings{2pois,
 author = {Robertson, S. E. and Walker, S.},
 title = {Some simple effective approximations to the 2-Poisson model for probabilistic weighted retrieval},
 booktitle = {Proceedings of the 17th Annual International ACM SIGIR Conference on Research and Development in Information Retrieval},
 series = {SIGIR '94},
 year = {1994},
 pages = {232--241},
} 

@incollection{idf-jones,
 author = {Sparck Jones, Karen},
 chapter = {A statistical interpretation of term specificity and its application in retrieval},
 title = {Document retrieval systems},
 editor = {Willett, Peter},
 year = {1988},
 pages = {132--142},
} 

@article{vsm,
 author = {Salton, G. and Wong, A. and Yang, C. S.},
 title = {A vector space model for automatic indexing},
 journal = {Commun. ACM},
 issue_date = {Nov. 1975},
 volume = {18},
 number = {11},
 month = nov,
 year = {1975},
 pages = {613--620},
} 

@article{infer-net,
 author = {Turtle, Howard and Croft, W. Bruce},
 title = {Evaluation of an inference network-based retrieval model},
 journal = {ACM Trans. Inf. Syst.},
 issue_date = {July 1991},
 volume = {9},
 number = {3},
 month = jul,
 year = {1991},
 pages = {187--222},
} 

@incollection{prp,
 author = {Robertson, S. E.},
 chapter = {The probability ranking principle in IR},
 title = {Readings in Information Retrieval},
 editor = {Sparck Jones, Karen and Willett, Peter},
 year = {1997},
 pages = {281--286},
} 

@inproceedings{alt-bpref,
 author = {Sakai, Tetsuya},
 title = {Alternatives to Bpref},
 booktitle = {Proceedings of the 30th Annual International ACM SIGIR Conference on Research and Development in Information Retrieval},
 series = {SIGIR '07},
 year = {2007},
 pages = {71--78},
} 

@inproceedings{mq-07,
  author    = {James Allan and
               Ben Carterette and
               Blagovest Dachev and
               Javed A. Aslam and
               Virgiliu Pavlu and
               Evangelos Kanoulas},
  title     = {Million Query Track 2007 Overview},
  booktitle = {TREC},
  year      = {2007},
}

@inproceedings{statap,
 author = {Carterette, Ben and Pavlu, Virgil and Kanoulas, Evangelos and Aslam, Javed A. and Allan, James},
 title = {Evaluation over thousands of queries},
 booktitle = {Proceedings of the 31st Annual International ACM SIGIR Conference on Research and Development in Information Retrieval},
 series = {SIGIR '08},
 year = {2008},
 pages = {651--658},
} 

@inproceedings{trec-err,
  author    = {Charles L. A. Clarke and
               Nick Craswell and
               Ian Soboroff and
               Ellen M. Voorhees},
  title     = {Overview of the TREC 2011 Web Track},
  booktitle = {TREC},
  year      = {2011},
}

@inproceedings{mq-07,
  author    = {James Allan and
               Ben Carterette and
               Blagovest Dachev and
               Javed A. Aslam and
               Virgiliu Pavlu and
               Evangelos Kanoulas},
  title     = {Million Query Track 2007 Overview},
  booktitle = {TREC},
  year      = {2007},
}

@inproceedings{mq-08,
  author={Allan, James and Carterette, Ben and Aslam, Javed A. and Pavlu, Virgil and Kanoulas, Evangelos},
  title={Million Query Track 2008 Overview},
  booktitle={The Sixteenth Text REtrieval Conference Proceedings (TREC 2008)},
  year={2009},
  editor={Voorhees, Ellen M. and Buckland, Lori P.},
  month={December},
  }
  
 @inproceedings{err,
 author = {Chapelle, Olivier and Metlzer, Donald and Zhang, Ya and Grinspan, Pierre},
 title = {Expected reciprocal rank for graded relevance},
 booktitle = {Proceedings of the 18th ACM Conference on Information and Kowledge Management},
 series = {CIKM '09},
 year = {2009},
 pages = {621--630},
} 

@article{ndcg,
 author = {J\"{a}rvelin, Kalervo and Kek\"{a}l\"{a}inen, Jaana},
 title = {Cumulated gain-based evaluation of IR techniques},
 journal = {ACM Trans. Inf. Syst.},
 issue_date = {October 2002},
 volume = {20},
 number = {4},
 month = oct,
 year = {2002},
 pages = {422--446},
} 

@article{smooth-lm,
 author = {Zhai, Chengxiang and Lafferty, John},
 title = {A study of smoothing methods for language models applied to information retrieval},
 journal = {ACM Transactions on Information Systems},
 issue_date = {April 2004},
 volume = {22},
 number = {2},
 month = apr,
 year = {2004},
 pages = {179--214},
} 

@book{salton-book,
 author = {Salton, Gerard and McGill, Michael J.},
 title = {Introduction to Modern Information Retrieval},
 year = {1986},
} 

@inproceedings{tera,
  author    = {Stefan B{\"u}ttcher and
               Charles L. A. Clarke and
               Ian Soboroff},
  title     = {The TREC 2006 Terabyte Track},
  booktitle = {TREC},
  year      = {2006},
}

@inproceedings{greiff,
 author = {Greiff, Warren R.},
 title = {A theory of term weighting based on exploratory data analysis},
 booktitle = {Proceedings of the 21st Annual International ACM SIGIR Conference on Research and Development in Information Retrieval},
 series = {SIGIR '98},
 year = {1998},
 pages = {11--19},
} 

@inproceedings{kwok,
 author = {Kwok, K. L.},
 title = {A new method of weighting query terms for ad-hoc retrieval},
 booktitle = {Proceedings of the 19th Annual International ACM SIGIR Conference on Research and Development in Information Retrieval},
 series = {SIGIR '96},
 year = {1996},
 pages = {187--195},
} 

@article{hyper,
 author = {He, Ben and Ounis, Iadh},
 title = {On setting the hyper-parameters of term frequency normalization for information retrieval},
 journal = {ACM Trans. Inf. Syst.},
 issue_date = {July 2007},
 volume = {25},
 number = {3},
 month = jul,
 year = {2007},
 articleno = {13},
} 

@inproceedings{par-sen,
 author = {He, Ben and Ounis, Iadh},
 title = {Parameter sensitivity in the probabilistic model for ad-hoc retrieval},
 booktitle = {Proceedings of the Sixteenth ACM Conference on Conference on Information and Knowledge Management},
 series = {CIKM '07},
 year = {2007},
 pages = {263--272},
} 

@article{prob1,
  author    = {Karen Sparck Jones and
               Steve Walker and
               Stephen E. Robertson},
  title     = {A probabilistic model of information retrieval: development
               and comparative experiments - Part 1},
  journal   = {Information Processing and Management},
  volume    = {36},
  number    = {6},
  year      = {2000},
  pages     = {779-808},
}

@article{prob2,
  author    = {Karen Sparck Jones and
               Steve Walker and
               Stephen E. Robertson},
  title     = {A probabilistic model of information retrieval: development
               and comparative experiments - Part 2},
  journal   = {Information Processing and Management},
  volume    = {36},
  number    = {6},
  year      = {2000},
  pages     = {809-840},
}

@inproceedings{pl2,
 author = {He, Ben and Ounis, Iadh},
 title = {A study of the dirichlet priors for term frequency normalisation},
 booktitle = {Proceedings of the 28th Annual International ACM SIGIR Conference on Research and Development in Information Retrieval},
 series = {SIGIR '05},
 year = {2005},
 pages = {465--471},
} 

@article{mir,
  author    = {Amit Singhal},
  title     = {Modern Information Retrieval: A Brief Overview},
  journal   = {IEEE Data Eng. Bull.},
  volume    = {24},
  number    = {4},
  year      = {2001},
  pages     = {35-43},
}

@inproceedings{him-lm,
 author = {Hiemstra, Djoerd and Robertson, Stephen and Zaragoza, Hugo},
 title = {Parsimonious language models for information retrieval},
 booktitle = {Proceedings of the 27th Annual International ACM SIGIR Conference on Research and Development in Information Retrieval},
 series = {SIGIR '04},
 year = {2004},
 pages = {178--185},
} 

@inproceedings{evol-tf,
 author = {Cummins, Ronan and O'Riordan, Colm},
 title = {An evaluation of evolved term-weighting schemes in information retrieval},
 booktitle = {Proceedings of the 14th ACM International Conference on Information and Knowledge Management},
 series = {CIKM '05},
 year = {2005},
 pages = {305--306},
} 

@article{cons1,
 author = {Clinchant, St{\'e}phane and Gaussier, Eric},
 title = {Retrieval constraints and word frequency distributions a log-logistic model for IR},
 journal = {Inf. Retr.},
 issue_date = {February  2011},
 volume = {14},
 number = {1},
 month = feb,
 year = {2011},
 pages = {5--25},
} 

@inproceedings{cons2,
 author = {Cummins, Ronan and O'Riordan, Colm},
 title = {A constraint to automatically regulate document-length normalisation},
 booktitle = {Proceedings of the 21st ACM International Conference on Information and Knowledge Management},
 series = {CIKM '12},
 year = {2012},
 pages = {2443--2446},
} 

@inproceedings{wsd,
 author = {Bendersky, Michael and Metzler, Donald and Croft, W. Bruce},
 title = {Learning Concept Importance Using a Weighted Dependence Model},
 booktitle = {},
 series = {WSDM '10},
 year = {2010},
 pages = {31--40},
} 

@inproceedings{kc,
 author = {Bendersky, Michael and Croft, W. Bruce},
 title = {Discovering Key Concepts in Verbose Queries},
 booktitle = {Proceedings of the 31st Annual International ACM SIGIR Conference on Research and Development in Information Retrieval},
 series = {SIGIR '08},
 year = {2008},
 pages = {491--498},
} 

@inproceedings{sd,
 author = {Metzler, Donald and Croft, W. Bruce},
 title = {A Markov Random Field Model for Term Dependencies},
 booktitle = {Proceedings of the 28th Annual International ACM SIGIR Conference on Research and Development in Information Retrieval},
 series = {SIGIR '05},
 year = {2005},
 pages = {472--479},
} 

@inproceedings{rm,
 author = {Lavrenko, Victor and Croft, W. Bruce},
 title = {Relevance Based Language Models},
 booktitle = {Proceedings of the 24th Annual International ACM SIGIR Conference on Research and Development in Information Retrieval},
 series = {SIGIR '01},
 year = {2001},
 pages = {120--127},
} 

@inproceedings{lease,
 author = {Lease, Matthew},
 title = {An Improved Markov Random Field Model for Supporting Verbose Queries},
 booktitle = {Proceedings of the 32nd International ACM SIGIR Conference on Research and Development in Information Retrieval},
 series = {SIGIR '09},
 year = {2009},
 pages = {476--483},
} 

@inproceedings{necessity-callan,
 author = {Zhao, Le and Callan, Jamie},
 title = {Term Necessity Prediction},
 booktitle = {Proceedings of the 19th ACM International Conference on Information and Knowledge Management},
 series = {CIKM '10},
 year = {2010},
 pages = {259--268},
} 

@article{turney,
 author = {Turney, Peter D.},
 title = {Learning Algorithms for Keyphrase Extraction},
 journal = {Inf. Retr.},
 issue_date = {May 2000},
 volume = {2},
 number = {4},
 month = may,
 year = {2000},
 pages = {303--336},
} 

@inproceedings{frank,
 author = {Frank, Eibe and Paynter, Gordon W. and Witten, Ian H. and Gutwin, Carl and Nevill-Manning, Craig G.},
 title = {Domain-specific Keyphrase Extraction},
 booktitle = {Proceedings of the 16th International Joint Conference on Artificial Intelligence - Volume 2},
 series = {IJCAI'99},
 year = {1999},
 pages = {668--673},
} 

@inproceedings{hulth,
 author = {Hulth, Anette},
 title = {Improved Automatic Keyword Extraction Given More Linguistic Knowledge},
 booktitle = {Proceedings of the 2003 Conference on Empirical Methods in Natural Language Processing},
 series = {EMNLP '03},
 year = {2003},
 pages = {216--223},
} 

@article{bikel,
 author = {Bikel, Daniel M. and Schwartz, Richard and Weischedel, Ralph M.},
 title = {An Algorithm That Learns What\&Lsquo;s in a Name},
 journal = {Machine Learning},
 volume = {34},
 number = {1--3},
 month = feb,
 year = {1999},
 pages = {211--231},
} 

@inproceedings{yih,
 author = {Yih, Wen-tau and Goodman, Joshua and Carvalho, Vitor R.},
 title = {Finding Advertising Keywords on Web Pages},
 booktitle = {Proceedings of the 15th International Conference on World Wide Web},
 series = {WWW '06},
 year = {2006},
 pages = {213--222},
} 

@INPROCEEDINGS{knight,
    author = {Kevin Knight and Daniel Marcu},
    title = {Statistics-Based Summarization - Step One: Sentence Compression},
    booktitle = {The 17th National Conference of the American Association for Artificial Intelligence AAAI'2000},
    year = {2000},
    pages = {703--710}
}

@INPROCEEDINGS{allan,
    author = {James Allan and Jamie Callan and Bruce Croft Lisa Ballesteros and Bruce Croft and Lisa Ballesteros and John Broglio and Jinxi Xu and Hongmin Shu},
    title = {INQUERY at TREC-5},
    booktitle = {In Fifth Text REtrieval Conference (TREC-5)},
    year = {1997},
    pages = {119--132}
}

@INPROCEEDINGS{callan,
    author = {James P. Callan and W. Bruce Croft and John Broglio},
    title = {TREC and TIPSTER Experiments with INQUERY},
    booktitle = {Information Processing  Management},
    year = {1994},
    pages = {31--3},
}

@inproceedings{pqe,
 author = {Bendersky, Michael and Metzler, Donald and Croft, W. Bruce},
 title = {Parameterized Concept Weighting in Verbose Queries},
 booktitle = {Proceedings of the 34th International ACM SIGIR Conference on Research and Development in Information Retrieval},
 series = {SIGIR '11},
 year = {2011},
 pages = {605--614},
} 

@article{zhai-lm,
 author = {Zhai, Chengxiang and Lafferty, John},
 title = {A Study of Smoothing Methods for Language Models Applied to Information Retrieval},
 journal = {ACM Transactions on Information Systems},
 issue_date = {April 2004},
 volume = {22},
 number = {2},
 month = apr,
 year = {2004},
 pages = {179--214},
} 

@article{link-anal,
 author = {Borodin, Allan and Roberts, Gareth O. and Rosenthal, Jeffrey S. and Tsaparas, Panayiotis},
 title = {Link Analysis Ranking: Algorithms, Theory, and Experiments},
 journal = {ACM Trans. Internet Technol.},
 issue_date = {February 2005},
 volume = {5},
 number = {1},
 month = feb,
 year = {2005},
 pages = {231--297},
} 

@article{pagerank-vector,
 author = {Brezinski, Claude and Redivo-Zaglia, Michela},
 title = {The PageRank Vector: Properties, Computation, Approximation, and Acceleration},
 journal = {SIAM J. Matrix Anal. Appl.},
 volume = {28},
 number = {2},
 month = jun,
 year = {2006}
} 


@inproceedings{arasu,
    author = {Arvind Arasu and Jasmine Novak and John Tomlin and John Tomlin},
    title = {PageRank Computation and the Structure of the Web: Experiments and Algorithms},
    booktitle = {Proceedings of the Eleventh International World Wide Web Conference, Poster Track},
    year = {2002}
}

@inproceedings{termSpecSmooth,
 author = {Hiemstra, Djoerd},
 title = {Term-specific Smoothing for the Language Modeling Approach to Information Retrieval: The Importance of a Query Term},
 booktitle = {Proceedings of the 25th Annual International ACM SIGIR Conference on Research and Development in Information Retrieval},
 series = {SIGIR '02},
 year = {2002},
 pages = {35--41},
} 

@inproceedings{pois-zhai,
 author = {Mei, Qiaozhu and Fang, Hui and Zhai, ChengXiang},
 title = {A Study of Poisson Query Generation Model for Information Retrieval},
 booktitle = {Proceedings of the 30th Annual International ACM SIGIR Conference on Research and Development in Information Retrieval},
 series = {SIGIR '07},
 year = {2007},
 pages = {319--326},
} 

@inproceedings{wig,
 author = {Zhou, Yun and Croft, W. Bruce},
 title = {Query Performance Prediction in Web Search Environments},
 booktitle = {Proceedings of the 30th Annual International ACM SIGIR Conference on Research and Development in Information Retrieval},
 series = {SIGIR '07},
 year = {2007},
 pages = {543--550},
} 

@book{nlp,
  author    = {Christopher D. Manning and
               Hinrich Sch{\"u}tze},
  title     = {Foundations of Statistical Natural Language Processing},
  year      = {2001},
  pages     = {I-XXXVII, 1-680},
}

@inproceedings{Belkin03a,
 author = {Nicholas J. Belkin and Diane Kelly and G. Kim and Ja-Young Kim and Hyuk-Jin Lee and Gheorghe
  Muresan and Muh-Chyun (Morris) Tang and Xiao-Jun Yuan and Colleen Cool},
 title = {Query length in interactive information retrieval},
 booktitle = {Proceedings of the 28th Annual International ACM SIGIR Conference on Research and Development in Information Retrieval},
 year = {2003},
 pages = {205--212}
} 

@article{Otterbacher09a,
  author    = {Jahna Otterbacher and
               G{\"u}nes Erkan and
               Dragomir R. Radev},
  title     = {Biased LexRank: Passage retrieval using random walks with
               question-based priors},
  journal   = {Information Processing and Manageement},
  volume    = {45},
  number    = {1},
  year      = {2009},
  pages     = {42--54},
}

@article{Erkan04a,
  author    = {G{\"u}nes Erkan and
               Dragomir R. Radev},
  title     = {LexRank: Graph-based Lexical Centrality as Salience in Text
               Summarization},
  journal   = {J. Artif. Intell. Res. (JAIR)},
  volume    = {22},
  year      = {2004},
  pages     = {457-479},
}

@inproceedings{lce,
 author = {Metzler, Donald and Croft, W. Bruce},
 title = {Latent Concept Expansion Using Markov Random Fields},
 booktitle = {Proceedings of the 30th Annual International ACM SIGIR Conference on Research and Development in Information Retrieval},
 series = {SIGIR '07},
 year = {2007},
 pages = {311--318},
} 

@inproceedings{rw-qe,
 author = {Collins-Thompson, Kevyn and Callan, Jamie},
 title = {Query Expansion Using Random Walk Models},
 booktitle = {Proceedings of the 14th ACM International Conference on Information and Knowledge Management},
 series = {CIKM '05},
 year = {2005},
 pages = {704--711},
} 

@inproceedings{smooth-graph,
 author = {Mei, Qiaozhu and Zhang, Duo and Zhai, ChengXiang},
 title = {A General Optimization Framework for Smoothing Language Models on Graph Structures},
 booktitle = {Proceedings of the 31st Annual International ACM SIGIR Conference on Research and Development in Information Retrieval},
 series = {SIGIR '08},
 year = {2008},
 pages = {611--618},
} 

@inproceedings{struc-rerank,
 author = {Kurland, Oren and Lee, Lillian},
 title = {PageRank Without Hyperlinks: Structural Re-ranking Using Links Induced by Language Models},
 booktitle = {Proceedings of the 28th Annual International ACM SIGIR Conference on Research and Development in Information Retrieval},
 series = {SIGIR '05},
 year = {2005},
 pages = {306--313},
} 

@inproceedings{PaikCIKM2014,
 author = {Paik, Jiaul H. and Oard, Douglas W.},
 title = {A Fixed-Point Method for Weighting Terms in Verbose Informational Queries},
 booktitle = {Proceedings of the 23rd ACM International Conference on Conference on Information and Knowledge Management},
 series = {CIKM '14},
 year = {2014},
 isbn = {978-1-4503-2598-1},
 location = {Shanghai, China},
 pages = {131--140},
 numpages = {10},
 url = {http://doi.acm.org/10.1145/2661829.2661957},
 doi = {10.1145/2661829.2661957},
 acmid = {2661957},
 publisher = {ACM},
 address = {New York, NY, USA},
 keywords = {document ranking, retrieval model, term weighting},
} 

@inproceedings{Saez-Trumper:2013,
 author = {Saez-Trumper, Diego and Castillo, Carlos and Lalmas, Mounia},
 title = {Social media news communities: gatekeeping, coverage, and statement bias},
 booktitle = {Proceedings of the 22nd ACM international conference on Conference on information \&\#38; knowledge management},
 series = {CIKM '13},
 year = {2013},
 isbn = {978-1-4503-2263-8},
 location = {San Francisco, California, USA},
 pages = {1679--1684},
 numpages = {6},
 url = {http://doi.acm.org/10.1145/2505515.2505623},
 doi = {10.1145/2505515.2505623},
 acmid = {2505623},
 publisher = {ACM},
 address = {New York, NY, USA},
 keywords = {framing, news bias, online news},
} 

@inproceedings{Bendersky:2010,
 author = {Bendersky, Michael and Gabrilovich, Evgeniy and Josifovski, Vanja and Metzler, Donald},
 title = {The Anatomy of an Ad: Structured Indexing and Retrieval for Sponsored Search},
 booktitle = {},
 series = {WWW '10},
 year = {2010},
 isbn = {978-1-60558-799-8},
 location = {Raleigh, North Carolina, USA},
 pages = {101--110},
 numpages = {10},
 url = {http://doi.acm.org/10.1145/1772690.1772702},
 doi = {10.1145/1772690.1772702},
 acmid = {1772702},
 publisher = {ACM},
 address = {New York, NY, USA},
 keywords = {sponsored search, structured retrieval},
} 

@inproceedings{Broder:2008,
 author = {Broder, Andrei Z. and Ciccolo, Peter and Fontoura, Marcus and Gabrilovich, Evgeniy and Josifovski, Vanja and Riedel, Lance},
 title = {Search Advertising Using Web Relevance Feedback},
 booktitle = {},
 series = {CIKM '08},
 year = {2008},
 isbn = {978-1-59593-991-3},
 location = {Napa Valley, California, USA},
 pages = {1013--1022},
 numpages = {10},
 url = {http://doi.acm.org/10.1145/1458082.1458217},
 doi = {10.1145/1458082.1458217},
 acmid = {1458217},
 publisher = {ACM},
 address = {New York, NY, USA},
 keywords = {online advertising, relevance, web search},
} 

@article{Dave:2014,
 author = {Dave, Kushal and Varma, Vasudeva},
 title = {Computational Advertising: Techniques for Targeting Relevant Ads},
 journal = {Found. Trends Inf. Retr.},
 issue_date = {October 2014},
 volume = {8},
 number = {4},
 month = oct,
 year = {2014},
 issn = {1554-0669},
 pages = {263--418},
 numpages = {156},
 url = {http://dx.doi.org/10.1561/1500000045},
 doi = {10.1561/1500000045},
 acmid = {2692914},
 publisher = {Now Publishers Inc.},
 address = {Hanover, MA, USA},
} 

@inproceedings{Liu:2012,
 author = {Liu, Yandong and Pandey, Sandeep and Agarwal, Deepak and Josifovski, Vanja},
 title = {Finding the Right Consumer: Optimizing for Conversion in Display Advertising Campaigns},
 booktitle = {},
 series = {WSDM '12},
 year = {2012},
 isbn = {978-1-4503-0747-5},
 location = {Seattle, Washington, USA},
 pages = {473--482},
 numpages = {10},
 url = {http://doi.acm.org/10.1145/2124295.2124353},
 doi = {10.1145/2124295.2124353},
 acmid = {2124353},
 publisher = {ACM},
 address = {New York, NY, USA},
 keywords = {advertising, conversions, modeling},
} 



@article{BFIS2012,
 author = {Hahn, Elisabeth and Gottschling, Juliana and Spinath, Frank M.},
 title = {Short measurements of personality -- Validity and reliability of the GSOEP Big Five Inventory (BFI-S)},
 journal = {Journal of Research in Personality},
 issue_date = {June 2012},
 volume = {46},
 number = {3},
 month = june,
 year = {2012},
 issn = {},
 pages = {355--359},
 numpages = {5},
 url = {},
 doi = {},
 acmid = {},
 publisher = {},
 address = {},
} 

@article{GerlitzSchupp2005,
 author = {Gerlitz, J.Y. and Schupp, J.},
 title = {Zur Erhebung der Big-Five-basierten Personlichkeitsmerkmale im SOEP},
 journal = {Dokumentation der Instrumentenentwicklung BFI-S auf Basis des SOEP-Pretests 2005. DIW Research, Notes 4},
 issue_date = {},
 volume = {},
 number = {},
 month = {},
 year = {2005},
 issn = {},
 pages = {},
 numpages = {},
 url = {},
 doi = {},
 acmid = {},
 publisher = {},
 address = {},
} 

@article{JohnDonahueKentle1991,
 author = {John, O. P. and Donahue, E. M. and Kentle, R. L.},
 title = {The Big Five Inventory -- Versions 44 and 54.},
 journal = {Berkeley: University of California at Berkeley, Institute of Personality and Social Research.},
 issue_date = {},
 volume = {},
 number = {},
 month = {},
 year = {1991},
 issn = {},
 pages = {},
 numpages = {},
 url = {},
 doi = {},
 acmid = {},
 publisher = {},
 address = {},
} 

@article{SotoLuhmann2013,
 author = {Soto, C. J. and Luhmann, M.},
 title = {Who can buy happiness? Personality traits moderate the effects of stable income differences and income fluctuations on life satisfaction.},
 journal = {Social Psychological and Personality Science},
 issue_date = {},
 volume = {4},
 number = {},
 month = {},
 year = {2013},
 issn = {},
 pages = {46--53},
 numpages = {},
 url = {},
 doi = {},
 acmid = {},
 publisher = {},
 address = {},
} 

@article{HahnGottschlingSpinath2012,
 author = {Hahn, Elisabeth and Gottschling, Juliana and Spinath, Frank M.},
 title = {Short measurements of personality – Validity and reliability of the GSOEP Big Five Inventory (BFI-S).},
 journal = {Journal of Research in Personality},
 issue_date = {},
 volume = {46},
 number = {},
 month = {},
 year = {2012},
 issn = {},
 pages = {355--359},
 numpages = {},
 url = {},
 doi = {},
 acmid = {},
 publisher = {},
 address = {},
} 

@article{LIWC2001,
 author = {Pennebaker, James W. and Francis, Martha E. and Booth, Roger J.},
 title = {Linguistic inquiry and word count: Liwc 2001},
 journal = {Mahway: Lawrence Erlbaum Associates},
 issue_date = {},
 volume = {71},
 number = {},
 month = {},
 year = {2001},
 issn = {},
 pages = {},
 numpages = {},
 url = {},
 doi = {},
 acmid = {},
 publisher = {},
 address = {},
} 

@inproceedings{Ahmed:2011,
 author = {Ahmed, Amr and Low, Yucheng and Aly, Mohamed and Josifovski, Vanja and Smola, Alexander J.},
 title = {Scalable Distributed Inference of Dynamic User Interests for Behavioral Targeting},
 booktitle = {ACM SIGKDD},
 series = {},
 year = {2011},
 isbn = {978-1-4503-0813-7},
 location = {San Diego, California, USA},
 pages = {114--122},
 numpages = {9},
 url = {http://doi.acm.org/10.1145/2020408.2020433},
 doi = {10.1145/2020408.2020433},
 acmid = {2020433},
 publisher = {ACM},
 address = {New York, NY, USA},
 keywords = {computational advertising, distributed inference, large-scale, online inference, user modeling},
} 

@Article{Farnadi2016,
author={Farnadi, Golnoosh
and Sitaraman, Geetha
and Sushmita, Shanu
and Celli, Fabio
and Kosinski, Michal
and Stillwell, David
and Davalos, Sergio
and Moens, Marie-Francine
and De Cock, Martine},
title={{Computational personality recognition in social media}},
journal={{User Modeling and User-Adapted Interaction}},
year={2016},
pages={1--34},
}

@inproceedings{Broder:2007,
 author = {Broder, Andrei and Fontoura, Marcus and Josifovski, Vanja and Riedel, Lance},
 title = {A Semantic Approach to Contextual Advertising},
 booktitle = {ACM SIGIR},
 series = {},
 year = {2007},
 isbn = {978-1-59593-597-7},
 location = {Amsterdam, The Netherlands},
 pages = {559--566},
 numpages = {8},
 url = {http://doi.acm.org/10.1145/1277741.1277837},
 doi = {10.1145/1277741.1277837},
 acmid = {1277837},
 publisher = {ACM},
 address = {New York, NY, USA},
 keywords = {contextual advertising, matching, semantics},
} 

@inproceedings{NeoPIR2008,
 author = {Costa, P.T. and McCrae, R.R},
 title = {The {R}evised {NEO} {P}ersonality {I}nventory ({NEO-PI-R}).},
 booktitle = {The {SAGE} {H}andbook of {P}ersonality {T}heory and {A}ssessment},
 series = {},
 year = {2008},
 isbn = {},
 location = {},
 pages = {179--198},
 numpages = {},
}

@inproceedings{PrivateTraitsBehaviour2013,
 author = {Kosinski, M. and Stillwell, D. and Graepel, T.},
 title = {Private traits and attributes are predictable from digital records of human behavior},
 booktitle = {Proceedings of the National Academy Of Sciences (PNAS)},
 series = {},
 year = {2013},
 isbn = {},
 location = {},
 pages = {5802--5805},
 numpages = {},
}


@article{PrivateTraitsBehaviour2013,
 author = {Kosinski, M. and Stillwell, D. and Graepel, T.},
 title = {Private traits and attributes are predictable from digital records of human behavior},
 journal = {Proceedings of the National Academy Of Sciences (PNAS},
 issue_date = {},
 volume = {110},
 number = {},
 month = {},
 year = {2013},
 issn = {},
 pages = {5802--5805},
 numpages = {},
 url = {},
 doi = {},
 acmid = {},
 publisher = {},
 address = {},
}

@inproceedings{TRECOverview2004,
 author = {Voorhees, Ellen},
 title = { Overview of TREC 2004
},
 booktitle = {},
 year = {2004},
 isbn = {},
 pages = {},
 location = {},
 doi = {},
 publisher = {Available at : http://trec.nist.gov/pubs/trec13/papers/OVERVIEW13.pdf},
 address = {},
 }

@article{VoorheesIPM2000,
 author = {Voorhees, Ellen},
 title = {Variations in relevance judgments and the measurement of retrieval  effectiveness},
 journal = {Inf. Process. Manage.},
 issue_date = {September, 2000},
 volume = {36},
 number = {5},
 month = sep,
 year = {2000},
 issn = {},
 pages = {697--716},
 numpages = {20},
}

@article{ZhaiLM,
 author = {Zhai, Chengxiang and Lafferty, John},
 title = {A Study of Smoothing Methods for Language Models Applied to Information Retrieval},
 journal = {ACM Trans. Inf. Syst.},
 issue_date = {April 2004},
 volume = {22},
 number = {2},
 month = apr,
 year = {2004},
 issn = {1046-8188},
 pages = {179--214},
 numpages = {36},
 url = {http://doi.acm.org/10.1145/984321.984322},
 doi = {10.1145/984321.984322},
 acmid = {984322},
 publisher = {ACM},
 address = {New York, NY, USA},
 keywords = {Dirichlet prior smoothing, EM algorithm, Jelinek--Mercer smoothing, Statistical language models, TF-IDF weighting, absolute discounting smoothing, backoff smoothing, interpolation smoothing, leave-one-out, risk minimization, term weighting, two-stage smoothing},
} 

@inproceedings{Celli2014,
 author = {Celli, Fabio and Lepri, Bruno and Biel, Joan-Isaac and Gatica-Perez, Daniel and Riccardi, Giuseppe and Pianesi, Fabio},
 title = {The {W}orkshop on {C}omputational {P}ersonality {R}ecognition 2014},
 booktitle = {},
 series = {MM '14},
 year = {2014},
 isbn = {978-1-4503-3063-3},
 location = {Orlando, Florida, USA},
 pages = {1245--1246},
 numpages = {2},
 url = {http://doi.acm.org/10.1145/2647868.2647870},
 doi = {10.1145/2647868.2647870},
 acmid = {2647870},
 publisher = {ACM},
 address = {New York, NY, USA},
 keywords = {evaluation, multimedia, personality recognition, wcpr, youtube},
} 

@inproceedings{TREC-microblog-2011,
 author = {Ounis, Iadh and Macdonald, Craig and Lin, Jimmy and Soboroff, Ian},
 title = {{Overview of the TREC-2011 Microblog Track}},
 booktitle = {},
 year = {2011},
 isbn = {},
 pages = {},
 location = {},
 doi = {},
 publisher = {Available at: \url{http://trec.nist.gov/pubs/trec20/papers/MICROBLOG.OVERVIEW.pdf}},
 address = {},
 }

@inproceedings{Mikolov2013,
 author = {Mikolov, T. and Yih, W.T. and Zweig, G.},
 title = {Linguistic {R}egularities in {C}ontinuous {S}pace {W}ord {R}epresentations},
 booktitle = {NAACL HLT 2013},
 series = {},
 year = {2013},
}

%   url={http://trove.nla.gov.au/work/6692808?selectedversion=NBD7013024},
@book{pooling1975,
  title={Report on the need for and provision of an ideal information retrieval test collection.},
  author={Sparck Jones, K. and van Rijsbergen, C.J.},
  year={1975},
  publisher={Tech. Rep. 5266, Computer Laboratory, University of Cambridge, UK}
}

@inproceedings{Ganguly2015,
 author = {Ganguly, Debasis and Roy, Dwaipayan and Mitra, Mandar and Jones, Gareth J.F.},
 title = {Word Embedding Based Generalized Language Model for Information Retrieval},
 booktitle = {Proc. ACM SIGIR},
 year = {2015},
 isbn = {978-1-4503-3621-5},
 pages = {795--798},
 keywords = {generalized language model, word embedding},
} 

@book{Manning:2008,
 author = {Manning, Christopher D. and Raghavan, Prabhakar and Sch\"{u}tze, Hinrich},
 title = {Introduction to Information Retrieval},
 year = {2008},
 isbn = {0521865719, 9780521865715},
 publisher = {Cambridge University Press},
 address = {New York, NY, USA},
}

%  pages = {131--140},
@inproceedings{Paik2014,
 author = {Paik, Jiaul H. and Oard, Douglas W.},
 title = {{A Fixed-Point Method for Weighting Terms in Verbose Informational Queries}},
 booktitle = {Proc. ACM CIKM},
 year = {2014},
 isbn = {978-1-4503-2598-1},
 location = {Shanghai, China},
}

@book{cormen2009,
  author = "T.H. Cormen and C.E. Leiserson and R.L. Rivest and C.Stein",
  edition = "3rd",
  publisher = "The MIT Press",
  title = "Introduction to Algorithms",
  year = "2009",
  isbn = "978-0-262-03384-8"
}

@article{Porter,
  author    = {Porter, M. F.},
  title     = {An algorithm for suffix stripping},
  journal   = {Program},
  volume    = {14},
  number    = {3},
  year      = {1980},
  pages     = {130-137},
}

@article{Paik:2013,
 author = {Paik, Jiaul H. and Parui, Swapan K. and Pal, Dipasree and Robertson, Stephen E.},
 title = {Effective and Robust Query-Based Stemming},
 journal = {ACM Trans. Inf. Syst.},
 issue_date = {November 2013},
 volume = {31},
 number = {4},
 month = nov,
 year = {2013},
 issn = {1046-8188},
 pages = {18:1--18:29},
 articleno = {18},
 numpages = {29},
 url = {http://doi.acm.org/10.1145/2536736.2536738},
 doi = {10.1145/2536736.2536738},
 acmid = {2536738},
 publisher = {ACM},
 address = {New York, NY, USA},
 keywords = {Corpus, stemming, suffix},
} 

@article{Xu:1998,
 author = {Xu, Jinxi and Croft, W. Bruce},
 title = {Corpus-based Stemming Using Cooccurrence of Word Variants},
 journal = {ACM Trans. Inf. Syst.},
 issue_date = {Jan. 1998},
 volume = {16},
 number = {1},
 month = jan,
 year = {1998},
 issn = {1046-8188},
 pages = {61--81},
 numpages = {21},
 url = {http://doi.acm.org/10.1145/267954.267957},
 doi = {10.1145/267954.267957},
 acmid = {267957},
 publisher = {ACM},
 address = {New York, NY, USA},
 keywords = {class refinement, cooccurence, corpus analysis, information retrieval, n-gram, stemming},
} 

@article{Lovins:1968,
 author = {Lovins, J},
 title = {Development of a Stemming Algorithm},
 journal = {Mechanical Translation and Computational Linguistics},
 issue_date = {March 1968},
 volume = {11},
 year = {1968},
 pages = {22--31},
 numpages = {10}
} 

@inproceedings{Krovetz:1993,
 author = {Krovetz, Robert},
 title = {Viewing Morphology As an Inference Process},
 booktitle = {Proceedings of the 16th Annual International ACM SIGIR Conference on Research and Development in Information Retrieval},
 series = {SIGIR '93},
 year = {1993},
 isbn = {0-89791-605-0},
 location = {Pittsburgh, Pennsylvania, USA},
 pages = {191--202},
 numpages = {12},
 url = {http://doi.acm.org/10.1145/160688.160718},
 doi = {10.1145/160688.160718},
 acmid = {160718},
 publisher = {ACM},
 address = {New York, NY, USA},
} 

@article{Goldsmith:2001,
 author = {Goldsmith, John},
 title = {Unsupervised Learning of the Morphology of a Natural Language},
 journal = {Comput. Linguist.},
 issue_date = {June 2001},
 volume = {27},
 number = {2},
 month = jun,
 year = {2001},
 issn = {0891-2017},
 pages = {153--198},
 numpages = {46},
 url = {http://dx.doi.org/10.1162/089120101750300490},
 doi = {10.1162/089120101750300490},
 acmid = {972668},
 publisher = {MIT Press},
 address = {Cambridge, MA, USA},
} 

@article{Bacchin:2005,
 author = {Bacchin, Michela and Ferro, Nicola and Melucci, Massimo},
 title = {A Probabilistic Model for Stemmer Generation},
 journal = {Inf. Process. Manage.},
 issue_date = {January 2005},
 volume = {41},
 number = {1},
 month = jan,
 year = {2005},
 issn = {0306-4573},
 pages = {121--137},
 numpages = {17},
 url = {http://dx.doi.org/10.1016/j.ipm.2004.04.006},
 doi = {10.1016/j.ipm.2004.04.006},
 acmid = {1041186},
 publisher = {Pergamon Press, Inc.},
 address = {Tarrytown, NY, USA},
 keywords = {multi-lingual information retrieval, mutual reinforcement, stemming, web information retrieval},
} 

@Inbook{Oard2001,
author="Oard, Douglas W.
and Levow, Gina-Anne
and Cabezas, Clara I.",
editor="Peters, Carol",
title="CLEF Experiments at Maryland: Statistical Stemming and Backoff Translation",
bookTitle="Cross-Language Information Retrieval and Evaluation: Workshop of the Cross-Language Evaluation Forum, CLEF 2000 Lisbon, Portugal, September 21--22, 2000 Revised Papers",
year="2001",
publisher="Springer Berlin Heidelberg",
address="Berlin, Heidelberg",
pages="176--187",
isbn="978-3-540-44645-3",
doi="10.1007/3-540-44645-1_17",
url="http://dx.doi.org/10.1007/3-540-44645-1_17"
}